<record xmlns='http://www.loc.gov/MARC21/slim'><leader>01942cam a2200505Ia 4500</leader><controlfield tag='001'>a10569792</controlfield><controlfield tag='003'>SIRSI</controlfield><controlfield tag='005'>20150811003001.0</controlfield><controlfield tag='008'>140709s2003    cc            000 1 chird</controlfield><datafield ind1=' ' ind2=' ' tag='020'><subfield code='a'>7532731057</subfield></datafield><datafield ind1=' ' ind2=' ' tag='020'><subfield code='a'>9787532731053</subfield></datafield><datafield ind1=' ' ind2=' ' tag='040'><subfield code='a'>CGP</subfield><subfield code='b'>eng</subfield><subfield code='c'>STF</subfield><subfield code='d'>OCLCG</subfield><subfield code='d'>OCLCQ</subfield><subfield code='d'>OCLCF</subfield><subfield code='d'>STF</subfield><subfield code='d'>UtOrBLW</subfield></datafield><datafield ind1='1' ind2=' ' tag='041'><subfield code='a'>chi</subfield><subfield code='h'>eng</subfield></datafield><datafield ind1=' ' ind2=' ' tag='043'><subfield code='a'>n-us-ca</subfield></datafield><datafield ind1=' ' ind2=' ' tag='049'><subfield code='a'>STFA</subfield></datafield><datafield ind1=' ' ind2=' ' tag='079'><subfield code='a'>ocm67524616</subfield></datafield><datafield ind1=' ' ind2=' ' tag='090'><subfield code='a'>PS3537.T3234</subfield><subfield code='b'>G6312 2003</subfield></datafield><datafield ind1='1' ind2=' ' tag='100'><subfield code='a'>Steinbeck, John,</subfield><subfield code='d'>1902-1968.</subfield><subfield code=' '>^A116705</subfield></datafield><datafield ind1='1' ind2='0' tag='240'><subfield code='a'>Grapes of wrath.</subfield><subfield code='l'>Chinese</subfield></datafield><datafield ind1='1' ind2='0' tag='245'><subfield code='6'>880-01</subfield><subfield code='a'>Fen nu de pu tao =</subfield><subfield code='b'>The grapes of wrath /</subfield><subfield code='c'>Sitanpeike zhu ; Hu Zhongchi yi.</subfield></datafield><datafield ind1='3' ind2='1' tag='246'><subfield code='a'>Grapes of wrath</subfield></datafield><datafield ind1=' ' ind2=' ' tag='250'><subfield code='6'>880-02</subfield><subfield code='a'>Di 1 ban.</subfield></datafield><datafield ind1=' ' ind2=' ' tag='260'><subfield code='6'>880-03</subfield><subfield code='a'>Shanghai Shi :</subfield><subfield code='b'>Shanghai yi wen chu ban she,</subfield><subfield code='c'>2003.</subfield></datafield><datafield ind1=' ' ind2=' ' tag='300'><subfield code='a'>7, 481 p. ;</subfield><subfield code='c'>21 cm.</subfield></datafield><datafield ind1='1' ind2=' ' tag='490'><subfield code='6'>880-04</subfield><subfield code='a'>Shi jie wen xue ming zhu pu ji ben</subfield></datafield><datafield ind1=' ' ind2='0' tag='650'><subfield code='a'>Migrant agricultural laborers</subfield><subfield code='z'>California</subfield><subfield code='v'>Fiction.</subfield><subfield code=' '>^A2467687</subfield></datafield><datafield ind1=' ' ind2='0' tag='650'><subfield code='a'>Labor camps</subfield><subfield code='z'>California</subfield><subfield code='v'>Fiction.</subfield><subfield code=' '>^A1032779</subfield></datafield><datafield ind1=' ' ind2='7' tag='650'><subfield code='a'>Labor camps.</subfield><subfield code='2'>fast</subfield><subfield code='0'>(OCoLC)fst00989882</subfield></datafield><datafield ind1=' ' ind2='7' tag='650'><subfield code='a'>Migrant agricultural laborers.</subfield><subfield code='2'>fast</subfield><subfield code='0'>(OCoLC)fst01020686</subfield></datafield><datafield ind1=' ' ind2='7' tag='651'><subfield code='a'>California.</subfield><subfield code='2'>fast</subfield><subfield code='0'>(OCoLC)fst01204928</subfield></datafield><datafield ind1=' ' ind2='7' tag='655'><subfield code='a'>Fiction.</subfield><subfield code='2'>fast</subfield><subfield code='0'>(OCoLC)fst01423787</subfield><subfield code=' '>^A3322979</subfield></datafield><datafield ind1='1' ind2=' ' tag='700'><subfield code='6'>880-05</subfield><subfield code='a'>Hu, Zhongchi.</subfield><subfield code=' '>^A2031983</subfield></datafield><datafield ind1=' ' ind2='0' tag='830'><subfield code='6'>880-06</subfield><subfield code='a'>Shi jie wen xue ming zhu pu ji ben.</subfield><subfield code=' '>^A3217746</subfield></datafield><datafield ind1='1' ind2='0' tag='880'><subfield code='6'>245-01</subfield><subfield code='a'>愤怒的葡萄 =</subfield><subfield code='b'>The grapes of wrath /</subfield><subfield code='c'>斯坦培克著 ; 胡仲持译.</subfield></datafield><datafield ind1=' ' ind2=' ' tag='880'><subfield code='6'>250-02</subfield><subfield code='a'>第1版.</subfield></datafield><datafield ind1=' ' ind2=' ' tag='880'><subfield code='6'>260-03</subfield><subfield code='a'>上海市 :</subfield><subfield code='b'>上海译文出版,</subfield><subfield code='c'>2003.</subfield></datafield><datafield ind1='1' ind2=' ' tag='880'><subfield code='6'>490-04</subfield><subfield code='a'>世界文学名著普及本</subfield></datafield><datafield ind1='1' ind2=' ' tag='880'><subfield code='6'>700-05</subfield><subfield code='a'>胡仲持.</subfield></datafield><datafield ind1=' ' ind2='0' tag='880'><subfield code='6'>830-06</subfield><subfield code='a'>世界文学名著普及本.</subfield></datafield><datafield ind1=' ' ind2=' ' tag='916'><subfield code='a'>DATE CATALOGED</subfield><subfield code='b'>20140709</subfield></datafield><datafield ind1=' ' ind2=' ' tag='994'><subfield code='a'>Z0</subfield><subfield code='b'>STF</subfield></datafield><datafield ind1=' ' ind2=' ' tag='035'><subfield code='a'>(OCoLC-M)67524616</subfield></datafield><datafield ind1=' ' ind2=' ' tag='035'><subfield code='a'>(OCoLC-I)883252315</subfield></datafield><datafield ind1=' ' ind2=' ' tag='596'><subfield code='a'>31</subfield></datafield><datafield ind1=' ' ind2=' ' tag='999'><subfield code='a'>PS3537 .T3234 G6312 2003</subfield><subfield code='w'>LC</subfield><subfield code='c'>1</subfield><subfield code='i'>36105112176206</subfield><subfield code='l'>PAGE-SP</subfield><subfield code='m'>SAL3</subfield><subfield code='r'>Y</subfield><subfield code='s'>Y</subfield><subfield code='t'>NH-INHOUSE</subfield><subfield code='u'>7/9/2014</subfield></datafield></record>